<?xml version="1.0" encoding="UTF-8"?><collection xmlns="http://www.loc.gov/MARC21/slim"><record><leader>00530nam--2200193-u-4500</leader><controlfield tag="001">000056084</controlfield><controlfield tag="002">20161230</controlfield><controlfield tag="005">20161230201052</controlfield><controlfield tag="008">141208s1000------------r-----000-0-rus-d</controlfield><datafield ind1=" " ind2=" " tag="040"><subfield code="a">IFIN-HH</subfield></datafield><datafield ind1=" " ind2=" " tag="041"><subfield code="a">rus</subfield></datafield><datafield ind1=" " ind2=" " tag="080"><subfield code="a">52-16</subfield></datafield><datafield ind1="1" ind2=" " tag="100"><subfield code="a">Ambartumian, V.A</subfield></datafield><datafield ind1="1" ind2="0" tag="245"><subfield code="a">Teoreticeskaia astrofizika</subfield><subfield code="c">V.a. ambartumian, e.r. musteli, a.b. severnii, v.v. sobolev</subfield></datafield><datafield ind1=" " ind2=" " tag="260"><subfield code="a">Moskva</subfield><subfield code="b">Tehniko-teoreticeskoi Literaturi</subfield><subfield code="c">1952</subfield></datafield><datafield ind1=" " ind2=" " tag="300"><subfield code="a">635P</subfield></datafield><datafield ind1="1" ind2=" " tag="700"><subfield code="a">Sobolev, A.B</subfield></datafield><datafield ind1=" " ind2=" " tag="852"><subfield code="a">76372</subfield><subfield code="c">523</subfield></datafield><datafield ind1=" " ind2=" " tag="CAT"><subfield code="a">Sys</subfield><subfield code="c">20141208</subfield><subfield code="h">191302</subfield></datafield></record></collection>